@book{koblitz,
   author = {Neil Koblitz},
   title = {Introduction to Elliptic Curves and Modular Forms}
   year = {1990}
}

@book{arithmetic,
    author = {Joe Silverman},
    title = {The Arithmetic of Elliptic Curves}
    year = {2005}
}

@book{rational,
    author = {Joe Silverman, Francis Tate}
    title = {Rational Points of Elliptic Curves}
    year = {1990}
} 